@comment{x-kbibtex-personnameformatting=<%l><, %f>}

@string{J_AMAI = "{Annals of Mathematics and Artificial Intelligence}"}

@string{J_ASME_BE = "{{ASME} J. Basic Eng.}"}

@string{J_AdHN = "{Ad Hoc Netw.}"}

@string{J_BellLT = "{Bell Labs Technical J.}"}

@string{J_BellST = "{Bell Syst. Technical J.}"}

@string{J_Elec = "{J. Electronics (China)}"}

@string{J_GPS = "{J. Global Positioning Syst.}"}

@string{J_WPC = "{Wireless Personal Commun.}"}

@string{IBM_J_RES_DEVELOP = "{{IBM} J. Research and Develop}"}

@string{IEE_J_RSN = "{{IEE} Proc. Radar, Sonar and Navigation}"}

@string{IEEE_J_Proc = "{{IEEE} Proc.}"}

@string{IEEE_COM_ST = "{{IEEE} Communications Surveys \& Tutorials}"}

@string{J_ECE = "{Journal of Electrical and Computer Engineering}"}

@string{IET_MAP = "{IET Microwaves, Antennas \& Propagation}"}

@string{IET_COM = "{IET Communications}"}

@string{M_ESP = "{Embedded Syst. Programming}"}

@string{M_RF = "{RF Des. Mag.}"}

@string{IEEE_CCNC = "{Proc. {IEEE} Consumer Communications and Networking Conf. (CCNC)}"}

@string{IEEE_ISAP = "{Proc. {IEEE} Int. Symp. Antennas and Propagation Society (ISAP)}"}

@string{IEEE_ISCAS = "{Proc. {IEEE} Int. Symp. on Circuits and Systems (ISCAS)}"}

@string{IEEE_ISIE = "{Proc. {IEEE} Int. Symp. on Industrial Electronics (ISIE)}"}

@string{IEEE_SSTA = "{Proc. {IEEE} Int. Symp. on Spread Spectrum Techniques and Applications (SSTA)}"}

@string{IEEE_ITS = "{Proc. {IEEE} Intelligent Transportation Systems (ITS)}"}

@string{IEEE_ITW = "{Proc. {IEEE} Information Theory Workshop (ITW)}"}

@string{IEEE_LCN = "{Proc. {IEEE} Conf. on Local Computer Networks (LCN)}"}

@string{IEEE_MAPE = "{Proc. {IEEE} Int. Symp. on Microwave, Antenna, Propagation and EMC Technologies for Wireless Communications (MAPE)}"}

@string{IEEE_NNSP = "{Proc. {IEEE} Int. Conf. Neural Networks and Signal Processing (NNSP)}"}

@string{IEEE_TENCON = "{Proc. {IEEE} Region 10 Int. Conf. on Technology Enabling Tomorrow: Computers, Communications and Automation (TENCON)}"}

@string{IEEE_WMCSA = "{Proc. {IEEE} Workshop on Mobile Computing Systems and Applications (WMCSA)}"}

@string{IEEE_INFOCOM = "{Proc. {IEEE} Computer and Communications socities}"}

@string{IEE_3G = "{Proc. {IEE} Int. Conf. on 3G and Beyond}"}

@string{ICT_Summit = "{Proc. ICT Mobile and Wireless Communications (ICT Summit)}"}

@string{Asilomar_SSC = "{Proc. {Asilomar} Conf. on Signals, Systems, and Computers (SSC)}"}

@string{ISASSC = "{Proc. Int. Symp. Aerospace/Defense Sensing, Simulation and Controls (ISASSC)}"}

@string{ISCCSP = "{Proc. Int. Symp on Control, Communications and Signal Processing (ISCCSP)}"}

@string{ISCIT = "{Proc. Int. Symp. on Communications and Information Technologies (ISCIT)}"}

@string{ISDSP = "{Proc. Int. Symp. on DSP for Communications Systems (ISDSP)}"}

@string{IST = "{Proc. Int. Symp. on Telecommunications (IST)}"}

@string{ISWCS = "{Proc. Int. Symp. on Wireless Communication Systems (ISWCS)}"}

@string{NIPS = "{Proc. Conf. in Neural Information Processing Systems (NIPS)}"}

@string{NSODE = "{Proc. Conf. on Numerical Solution of Ordinary Differential Equations (NSODE)}"}

@string{SPC = "{Proc. Workshop on Signal Processing in Communications (SPC)}"}

@string{UPC = "{Proc. Int. Conf. on Universal Personal Communications (UPC)}"}

@string{WNCMC = "{Proc. Int. Conf. on Wireless Networks, Communications and Mobile Computing (WNCMC)}"}

@string{WPMC = "{Proc. Int. Symp. on Wireless Personal Multimedia Communications (WPMC)}"}

@string{WWRF = "{Proc. Wireless World Research Forum (WWRF)}"}

@string{WiCOM = "{Proc. Int. Conf. on Wireless Communications, Networking and Mobile Computing (WiCOM)}"}

@string{EUCAP = "{Proc. European Conf. on Antennas Propagat. (EUCAP)}"}

@string{ICCT = "{Proc. Int. Conf. on Communication Technology (ICCT)}"}

@string{EUROCON = "{Proc. Int. Conf. on Computer as a Tool}"}

@string{MIKON = "{Proc. Int. Conf. on Microwaves, Radar and Wireless Communications (MIKON)}"}

%Journals

%Magazines

%Inproceedings

